<?xml version="1.0" encoding="UTF-8"?><collection xmlns="http://www.loc.gov/MARC21/slim"><record><leader>00313nam--2200121-i-4500</leader><controlfield tag="001">000009129</controlfield><controlfield tag="002">20161230</controlfield><controlfield tag="005">20161230201028</controlfield><controlfield tag="008">060222s1000------------r-----000-0-eng-d</controlfield><datafield ind1=" " ind2=" " tag="100"><subfield code="a">Abrahamson, S</subfield></datafield><datafield ind1=" " ind2=" " tag="245"><subfield code="a">Mclafferty,f</subfield></datafield><datafield ind1=" " ind2=" " tag="490"><subfield code="a">New York, Interscience Publishers, 1969 Xiv + 759 P. + 88 P</subfield></datafield><datafield ind1=" " ind2=" " tag="700"><subfield code="a">Stenhagen, E</subfield></datafield></record></collection>